@String(PAMI  = {IEEE TPAMI})
@String(IJCV  = {IJCV})
@String(CVPR  = {CVPR})
@String(ICCV  = {ICCV})
@String(ECCV  = {ECCV})
@String(NIPS  = {NeurIPS})
@String(ICPR  = {ICPR})
@String(BMVC  =	{BMVC})
@String(TOG   = {ACM TOG})
@String(TIP   = {IEEE TIP})
@String(TVCG  = {IEEE TVCG})
@String(TCSVT = {IEEE TCSVT})
@String(TMM   =	{IEEE TMM})
@String(ACMMM = {ACM MM})
@String(ICME  =	{ICME})
@String(ICASSP=	{ICASSP})
@String(ICIP  = {ICIP})
@String(ACCV  = {ACCV})
@String(ICLR  = {ICLR})
@String(IJCAI = {IJCAI})
@String(PR = {PR})
@String(AAAI = {AAAI})
@String(CVPRW= {CVPRW})
@String(CSVT = {IEEE TCSVT})



@String(PAMI = {IEEE Trans. Pattern Anal. Mach. Intell.})
@String(IJCV = {Int. J. Comput. Vis.})
@String(CVPR= {IEEE Conf. Comput. Vis. Pattern Recog.})
@String(ICCV= {Int. Conf. Comput. Vis.})
@String(ECCV= {Eur. Conf. Comput. Vis.})
@String(NIPS= {Adv. Neural Inform. Process. Syst.})
@String(ICPR = {Int. Conf. Pattern Recog.})
@String(BMVC= {Brit. Mach. Vis. Conf.})
@String(TOG= {ACM Trans. Graph.})
@String(TIP  = {IEEE Trans. Image Process.})
@String(TVCG  = {IEEE Trans. Vis. Comput. Graph.})
@String(TMM  = {IEEE Trans. Multimedia})
@String(ACMMM= {ACM Int. Conf. Multimedia})
@String(ICME = {Int. Conf. Multimedia and Expo})
@String(ICASSP=	{ICASSP})
@String(ICIP = {IEEE Int. Conf. Image Process.})
@String(ACCV  = {ACCV})
@String(ICLR = {Int. Conf. Learn. Represent.})
@String(IJCAI = {IJCAI})
@String(PR   = {Pattern Recognition})
@String(AAAI = {AAAI})
@String(CVPRW= {IEEE Conf. Comput. Vis. Pattern Recog. Worksh.})
@String(CSVT = {IEEE Trans. Circuit Syst. Video Technol.})

@String(SPL	= {IEEE Sign. Process. Letters})
@String(VR   = {Vis. Res.})
@String(JOV	 = {J. Vis.})
@String(TVC  = {The Vis. Comput.})
@String(JCST  = {J. Comput. Sci. Tech.})
@String(CGF  = {Comput. Graph. Forum})
@String(CVM = {Computational Visual Media})




@misc{liu2020global,
      title={Global Texture Enhancement for Fake Face Detection in the Wild}, 
      author={Zhengzhe Liu and Xiaojuan Qi and Philip Torr},
      year={2020},
      eprint={2002.00133},
      archivePrefix={arXiv},
      primaryClass={cs.CV}
}

@misc{he2015deep,
      title={Deep Residual Learning for Image Recognition}, 
      author={Kaiming He and Xiangyu Zhang and Shaoqing Ren and Jian Sun},
      year={2015},
      eprint={1512.03385},
      archivePrefix={arXiv},
      primaryClass={cs.CV}
}

@misc{karras2019stylebased,
      title={A Style-Based Generator Architecture for Generative Adversarial Networks}, 
      author={Tero Karras and Samuli Laine and Timo Aila},
      year={2019},
      eprint={1812.04948},
      archivePrefix={arXiv},
      primaryClass={cs.NE}
}

@misc{howard2017mobilenets,
      title={MobileNets: Efficient Convolutional Neural Networks for Mobile Vision Applications}, 
      author={Andrew G. Howard and Menglong Zhu and Bo Chen and Dmitry Kalenichenko and Weijun Wang and Tobias Weyand and Marco Andreetto and Hartwig Adam},
      year={2017},
      eprint={1704.04861},
      archivePrefix={arXiv},
      primaryClass={cs.CV}
}

@article{Suganthi2022,
  title={Deep learning model for deep fake face recognition and detection},
  author={Suganthi, ST and Ahmed Ayookbhan, Mohamed Uvaze and Kumar V, Krishna and Baccanin, Nebojsa and K, Venkatachalam and Hubalovsky, Stepan and Trojovsky, Pavel},
  journal={PeerJ Computer Science},
  volume={},
  number={},
  pages={},
  year={2022},
  publisher={PeerJ}
}



@online{kaggledatasetRealAndFakeFaceDetection,
  title={Real and Fake Face Detection},
  author={Nam, Seonghyeon and Kang, Hyolim and Kim, Dongyoung and Yang, Sejong and others},
  year={2020},
  publisher={Kaggle dataset},
  howpublished={\url{https://www.kaggle.com/datasets/ciplab/real-and-fake-face-detection}},
  note={Computational Intelligence and Photography Lab, Department of Computer Science, Yonsei University}
}

@inproceedings{le2021openforensics,
  title={OpenForensics: Large-Scale Challenging Dataset For Multi-Face Forgery Detection And Segmentation In-The-Wild},
  author={Le, Trung-Nghia and Nguyen, Huy H. and Yamagishi, Junichi and Echizen, Isao},
  booktitle={Proceedings of the IEEE/CVF International Conference on Computer Vision (ICCV)},
  year={2021}
}

@misc{kaggledatadeepfakeandrealimages,
  author = {Le, Trung-Nghia},
  title = {Deepfake and Real Images Dataset},
  year = {2022},
  publisher = {Kaggle dataset},
  howpublished={\url{https://www.kaggle.com/datasets/manjilkarki/deepfake-and-real-images}},
}

@misc{sandler2019mobilenetv2,
      title={MobileNetV2: Inverted Residuals and Linear Bottlenecks}, 
      author={Mark Sandler and Andrew Howard and Menglong Zhu and Andrey Zhmoginov and Liang-Chieh Chen},
      year={2019},
      eprint={1801.04381},
      archivePrefix={arXiv},
      primaryClass={cs.CV}
}